@article{Ford2002,
    title = {Packrat Parsing: Simple, Powerful, Lazy, Linear Time},
    author = {Bryan Ford},
    year = 2002,
    journal = {ACM SIGPLAN Notices},
    volume = {37},
    number = {9},
    pages = {36 - 47}
}

@book{Compilers:2006,
    author = {Alfred V. Aho and Monica S. Lam and Ravi Sethi and Jeffrey D. Ullman},
    year = 2006,
    title = {Compilers: Principles, Techniques, and Tools},
    publisher = {Addison Wesley}
}

@article{Hutton:1996,
    title={Monadic parser combinators},
    author={Hutton Graham and Meijer Erik},
    year={1996},
    publisher={School of Computer Science and IT}
}

@article{Wadler:1992,
  title={Comprehending monads},
  author={Wadler, Philip},
  journal={Mathematical structures in computer science},
  volume={2},
  number={04},
  pages={461--493},
  year={1992},
  publisher={Cambridge Univ Press}
}

@incollection{Fokker:1995,
    title={Functional parsers},
    author={Fokker and Jeroen},
    booktitle={Advanced functional programming},
    pages={1--23},
    year={1995},
    publisher={Springer}
}

@article{Moors:2008,
    title={Parser combinators in Scala},
    author={Moors Adriaan and Piessens Frank and Odersky Martin},
    journal={CW Reports},
    year={2008}
}

@book{Scala:2008,
    author = {Martin Odersky and Lex Spoon and Bill Venners},
    year = 2008,
    publisher = {Artima Inc},
    title = {Programming in Scala}
}

@article{Leijen:2002,
    title={Parsec: Direct style monadic parser combinators for the real world},
    author={Leijen, Daan and Meijer, Erik},
    year={2002}
}

@misc{Planck,
    title={Planck: Parser LANguage Combinator Kit},
    author={Jun Furuse},
    howpublished={\url{https://bitbucket.org/camlspotter/planck}}
}
